@ARTICLE{Vera-Ciro et al. 2011,
   author = {{Vera-Ciro}, C.~A. and {Sales}, L.~V. and {Helmi}, A. and {Frenk}, C.~S. and 
	{Navarro}, J.~F. and {Springel}, V. and {Vogelsberger}, M. and 
	{White}, S.~D.~M.},
    title = "{The shape of dark matter haloes in the Aquarius simulations: evolution and memory}",
  journal = {\mnras},
archivePrefix = "arXiv",
   eprint = {1104.1566},
 keywords = {galaxies: evolution, galaxies: formation, galaxies: haloes, dark matter},
     year = 2011,
    month = sep,
   volume = 416,
    pages = {1377-1391},
      doi = {10.1111/j.1365-2966.2011.19134.x},
   adsurl = {http://adsabs.harvard.edu/abs/2011MNRAS.416.1377V},
  adsnote = {Provided by the SAO/NASA Astrophysics Data System}
}


@ARTICLE{Frenk et al. 1988,
   author = {{Frenk}, C.~S. and {White}, S.~D.~M. and {Davis}, M. and {Efstathiou}, G.
	},
    title = "{The formation of dark halos in a universe dominated by cold dark matter}",
  journal = {\apj},
 keywords = {Cosmology, Dark Matter, Galactic Evolution, Galactic Structure, Spiral Galaxies, Stellar Luminosity, Astronomical Models, Computational Astrophysics, Galactic Clusters, Morphology, Universe},
     year = 1988,
    month = apr,
   volume = 327,
    pages = {507-525},
      doi = {10.1086/166213},
   adsurl = {http://adsabs.harvard.edu/abs/1988ApJ...327..507F},
  adsnote = {Provided by the SAO/NASA Astrophysics Data System}
}


@ARTICLE{Allgood et al. 2006,
   author = {{Allgood}, B. and {Flores}, R.~A. and {Primack}, J.~R. and {Kravtsov}, A.~V. and 
	{Wechsler}, R.~H. and {Faltenbacher}, A. and {Bullock}, J.~S.
	},
    title = "{The shape of dark matter haloes: dependence on mass, redshift, radius and formation}",
  journal = {\mnras},
   eprint = {astro-ph/0508497},
 keywords = {galaxies: formation, galaxies: haloes, cosmology: theory, large-scale structure of Universe},
     year = 2006,
    month = apr,
   volume = 367,
    pages = {1781-1796},
      doi = {10.1111/j.1365-2966.2006.10094.x},
   adsurl = {http://adsabs.harvard.edu/abs/2006MNRAS.367.1781A},
  adsnote = {Provided by the SAO/NASA Astrophysics Data System}
}

@ARTICLE{Dubinski and Calberg 1991,
   author = {{Dubinski}, J. and {Carlberg}, R.~G.},
    title = "{The structure of cold dark matter halos}",
  journal = {\apj},
 keywords = {Computational Astrophysics, Dark Matter, Galactic Structure, Gravitational Collapse, Halos, Many Body Problem, Computerized Simulation, Particle Density (Concentration), Tides},
     year = 1991,
    month = sep,
   volume = 378,
    pages = {496-503},
      doi = {10.1086/170451},
   adsurl = {http://adsabs.harvard.edu/abs/1991ApJ...378..496D},
  adsnote = {Provided by the SAO/NASA Astrophysics Data System}
}

@ARTICLE{Hayashi et al. 2007,
   author = {{Hayashi}, E. and {Navarro}, J.~F. and {Springel}, V.},
    title = "{The shape of the gravitational potential in cold dark matter haloes}",
  journal = {\mnras},
   eprint = {astro-ph/0612327},
 keywords = {galaxies: formation, galaxies: kinematics and dynamics, galaxies: spiral, cosmology: theory, dark matter},
     year = 2007,
    month = may,
   volume = 377,
    pages = {50-62},
      doi = {10.1111/j.1365-2966.2007.11599.x},
   adsurl = {http://adsabs.harvard.edu/abs/2007MNRAS.377...50H},
  adsnote = {Provided by the SAO/NASA Astrophysics Data System}
}

@article{Colberg et al. 1999,
author = {Colberg, J. M. and White, S. D. M. and Jenkins, A. and Pearce, F. R.},
title = {Linking cluster formation to large-scale structure},
journal = {Monthly Notices of the Royal Astronomical Society},
volume = {308},
number = {3},
pages = {593-598},
year = {1999},
doi = {10.1046/j.1365-8711.1999.02400.x},
URL = {http://dx.doi.org/10.1046/j.1365-8711.1999.02400.x},
eprint = {/oup/backfile/content_public/journal/mnras/308/3/10.1046/j.1365-8711.1999.02400.x/2/308-3-593.pdf}
}

@article{Debattista_et_al._2008,
  title={The causes of halo shape changes induced by cooling baryons: disks versus substructures},
  author={Debattista, Victor P and Moore, Ben and Quinn, Thomas and Kazantzidis, Stelios and Maas, Ryan and Mayer, Lucio and Read, Justin and Stadel, Joachim},
  journal={The Astrophysical Journal},
  volume={681},
  number={2},
  pages={1076},
  year={2008},
  publisher={IOP Publishing}
}

@article{Law_and_Majewski_2009,
  title={Evidence for a triaxial Milky Way dark matter halo from the Sagittarius stellar tidal stream},
  author={Law, David R and Majewski, Steven R and Johnston, Kathryn V},
  journal={The Astrophysical Journal Letters},
  volume={703},
  number={1},
  pages={L67},
  year={2009},
  publisher={IOP Publishing}
}
@ARTICLE{Law_and_Majewski_2010,
   author = {{Law}, D.~R. and {Majewski}, S.~R.},
    title = "{The Sagittarius Dwarf Galaxy: A Model for Evolution in a Triaxial Milky Way Halo}",
  journal = {The Astrophysics Journal},
archivePrefix = "arXiv",
   eprint = {1003.1132},
 keywords = {dark matter, galaxies: individual: Sagittarius, Galaxy: kinematics and dynamics, Galaxy: structure},
     year = 2010,
    month = may,
   volume = 714,
    pages = {229-254},
      doi = {10.1088/0004-637X/714/1/229},
   adsurl = {http://adsabs.harvard.edu/abs/2010ApJ...714..229L},
  adsnote = {Provided by the SAO/NASA Astrophysics Data System}
}